% Encoding: UTF-8

@Misc{androiddevelopers,
  month = feb,
  year =  {2016},
  url =   {http://developer.android.com/index.html}
}

@Misc{navdrawer,
  author = {{Ben Jakuben}},
  title =  {How to Add a Navigation Drawer in Android},
  month =  feb,
  year =   {2016},
  url =    {http://blog.teamtreehouse.com/add-navigation-drawer-android}
}
